<?xml version="1.0" encoding="UTF-8"?><collection xmlns="http://www.loc.gov/MARC21/slim"><record><leader>00756nam--2200181-u-4500</leader><controlfield tag="001">000056169</controlfield><controlfield tag="002">20161230</controlfield><controlfield tag="005">20161230201052</controlfield><controlfield tag="008">150108s1000------------r-----000-0-eng-d</controlfield><datafield ind1=" " ind2=" " tag="040"><subfield code="a">IFIN-HH</subfield></datafield><datafield ind1=" " ind2=" " tag="080"><subfield code="a">550.34(061.3):551.2</subfield></datafield><datafield ind1="1" ind2=" " tag="110"><subfield code="a">Societa Italiana Di Fisica</subfield></datafield><datafield ind1="1" ind2="0" tag="245"><subfield code="a">Redinconti della scuola internationale di fisica enrico fermi. corso lxxviii fisica dell'interno della terra. physics of the earth's interior. varenna sul lago di como villa monastero 23 luglio - 4 agosto 1979</subfield><subfield code="c">A.m. dziewonski, e. boschi</subfield></datafield><datafield ind1=" " ind2=" " tag="260"><subfield code="a">Amsterdam</subfield><subfield code="b">North-holland Publishing Company</subfield><subfield code="c">1980</subfield></datafield><datafield ind1=" " ind2=" " tag="490"><subfield code="a">Proceedings Of The International School Of Physics Enrico Fermi Course Lxxviii</subfield></datafield><datafield ind1="1" ind2=" " tag="700"><subfield code="a">Boschi, E</subfield></datafield><datafield ind1=" " ind2=" " tag="852"><subfield code="a">1874</subfield><subfield code="c">53</subfield></datafield><datafield ind1=" " ind2=" " tag="CAT"><subfield code="a">Sys</subfield><subfield code="c">20150108</subfield><subfield code="h">154739</subfield></datafield></record></collection>